@article{zhang2020adversarial,
  title={Adversarial attacks on deep-learning models in natural language processing: A survey},
  author={Zhang, Wei Emma and Sheng, Quan Z and Alhazmi, Ahoud and Li, Chenliang},
  journal={ACM Transactions on Intelligent Systems and Technology (TIST)},
  volume={11},
  number={3},
  pages={1--41},
  year={2020},
  publisher={ACM New York, NY, USA}
}

@article{liu2020privacy,
  title={Privacy and security issues in deep learning: A survey},
  author={Liu, Ximeng and Xie, Lehui and Wang, Yaopeng and Zou, Jian and Xiong, Jinbo and Ying, Zuobin and Vasilakos, Athanasios V},
  journal={IEEE Access},
  volume={9},
  pages={4566--4593},
  year={2020},
  publisher={IEEE}
}

@article{liu2020adversarial,
  title={Adversarial training for large neural language models},
  author={Liu, Xiaodong and Cheng, Hao and He, Pengcheng and Chen, Weizhu and Wang, Yu and Poon, Hoifung and Gao, Jianfeng},
  journal={arXiv preprint arXiv:2004.08994},
  year={2020}
}

@article{gan2020large,
  title={Large-scale adversarial training for vision-and-language representation learning},
  author={Gan, Zhe and Chen, Yen-Chun and Li, Linjie and Zhu, Chen and Cheng, Yu and Liu, Jingjing},
  journal={Advances in Neural Information Processing Systems},
  volume={33},
  pages={6616--6628},
  year={2020}
}

@inproceedings{wang2019improving,
  title={Improving neural language modeling via adversarial training},
  author={Wang, Dilin and Gong, Chengyue and Liu, Qiang},
  booktitle={International Conference on Machine Learning},
  pages={6555--6565},
  year={2019},
  organization={PMLR}
}

@inproceedings{karimi2021adversarial,
  title={Adversarial training for aspect-based sentiment analysis with bert},
  author={Karimi, Akbar and Rossi, Leonardo and Prati, Andrea},
  booktitle={2020 25th International Conference on Pattern Recognition (ICPR)},
  pages={8797--8803},
  year={2021},
  organization={IEEE}
}

@article{he2021model,
  title={Model extraction and adversarial transferability, your BERT is vulnerable!},
  author={He, Xuanli and Lyu, Lingjuan and Xu, Qiongkai and Sun, Lichao},
  journal={arXiv preprint arXiv:2103.10013},
  year={2021}
}

@article{li2020bert,
  title={Bert-attack: Adversarial attack against bert using bert},
  author={Li, Linyang and Ma, Ruotian and Guo, Qipeng and Xue, Xiangyang and Qiu, Xipeng},
  journal={arXiv preprint arXiv:2004.09984},
  year={2020}
}

@inproceedings{du2020adversarial,
  title={Adversarial and domain-aware BERT for cross-domain sentiment analysis},
  author={Du, Chunning and Sun, Haifeng and Wang, Jingyu and Qi, Qi and Liao, Jianxin},
  booktitle={Proceedings of the 58th annual meeting of the Association for Computational Linguistics},
  pages={4019--4028},
  year={2020}
}

@article{hendrycks2020pretrained,
  title={Pretrained transformers improve out-of-distribution robustness},
  author={Hendrycks, Dan and Liu, Xiaoyuan and Wallace, Eric and Dziedzic, Adam and Krishnan, Rishabh and Song, Dawn},
  journal={arXiv preprint arXiv:2004.06100},
  year={2020}
}

@article{bai2021transformers,
  title={Are transformers more robust than cnns?},
  author={Bai, Yutong and Mei, Jieru and Yuille, Alan L and Xie, Cihang},
  journal={Advances in Neural Information Processing Systems},
  volume={34},
  pages={26831--26843},
  year={2021}
}

@article{morris2020textattack,
  title={Textattack: A framework for adversarial attacks, data augmentation, and adversarial training in nlp},
  author={Morris, John X and Lifland, Eli and Yoo, Jin Yong and Grigsby, Jake and Jin, Di and Qi, Yanjun},
  journal={arXiv preprint arXiv:2005.05909},
  year={2020}
}

@article{wang2020cat,
  title={Cat-gen: Improving robustness in nlp models via controlled adversarial text generation},
  author={Wang, Tianlu and Wang, Xuezhi and Qin, Yao and Packer, Ben and Li, Kang and Chen, Jilin and Beutel, Alex and Chi, Ed},
  journal={arXiv preprint arXiv:2010.02338},
  year={2020}
}

@article{goel2021robustness,
  title={Robustness gym: Unifying the NLP evaluation landscape},
  author={Goel, Karan and Rajani, Nazneen and Vig, Jesse and Tan, Samson and Wu, Jason and Zheng, Stephan and Xiong, Caiming and Bansal, Mohit and R{\'e}, Christopher},
  journal={arXiv preprint arXiv:2101.04840},
  year={2021}
}

@article{eger2019text,
  title={Text processing like humans do: Visually attacking and shielding NLP systems},
  author={Eger, Steffen and {\c{S}}ahin, G{\"o}zde G{\"u}l and R{\"u}ckl{\'e}, Andreas and Lee, Ji-Ung and Schulz, Claudia and Mesgar, Mohsen and Swarnkar, Krishnkant and Simpson, Edwin and Gurevych, Iryna},
  journal={arXiv preprint arXiv:1903.11508},
  year={2019}
}

@article{zhu2019freelb,
  title={Freelb: Enhanced adversarial training for natural language understanding},
  author={Zhu, Chen and Cheng, Yu and Gan, Zhe and Sun, Siqi and Goldstein, Tom and Liu, Jingjing},
  journal={arXiv preprint arXiv:1909.11764},
  year={2019}
}

@article{wang2019natural,
  title={Natural language adversarial attack and defense in word level},
  author={Wang, Xiaosen and Jin, Hao and He, Kun},
  year={2019}
}

@inproceedings{ren2019generating,
  title={Generating natural language adversarial examples through probability weighted word saliency},
  author={Ren, Shuhuai and Deng, Yihe and He, Kun and Che, Wanxiang},
  booktitle={Proceedings of the 57th annual meeting of the association for computational linguistics},
  pages={1085--1097},
  year={2019}
}

@article{qiu2019review,
  title={Review of artificial intelligence adversarial attack and defense technologies},
  author={Qiu, Shilin and Liu, Qihe and Zhou, Shijie and Wu, Chunjiang},
  journal={Applied Sciences},
  volume={9},
  number={5},
  pages={909},
  year={2019},
  publisher={MDPI}
}

@article{hambardzumyan2021warp,
  title={Warp: Word-level adversarial reprogramming},
  author={Hambardzumyan, Karen and Khachatrian, Hrant and May, Jonathan},
  journal={arXiv preprint arXiv:2101.00121},
  year={2021}
}

@article{perez2022ignore,
  title={Ignore Previous Prompt: Attack Techniques For Language Models},
  author={Perez, F{\'a}bio and Ribeiro, Ian},
  journal={arXiv preprint arXiv:2211.09527},
  year={2022}
}

@inproceedings{li2021hidden,
  title={Hidden backdoors in human-centric language models},
  author={Li, Shaofeng and Liu, Hui and Dong, Tian and Zhao, Benjamin Zi Hao and Xue, Minhui and Zhu, Haojin and Lu, Jialiang},
  booktitle={Proceedings of the 2021 ACM SIGSAC Conference on Computer and Communications Security},
  pages={3123--3140},
  year={2021}
}

@article{jiang2019smart,
  title={Smart: Robust and efficient fine-tuning for pre-trained natural language models through principled regularized optimization},
  author={Jiang, Haoming and He, Pengcheng and Chen, Weizhu and Liu, Xiaodong and Gao, Jianfeng and Zhao, Tuo},
  journal={arXiv preprint arXiv:1911.03437},
  year={2019}
}

@article{gunel2020supervised,
  title={Supervised contrastive learning for pre-trained language model fine-tuning},
  author={Gunel, Beliz and Du, Jingfei and Conneau, Alexis and Stoyanov, Ves},
  journal={arXiv preprint arXiv:2011.01403},
  year={2020}
}

@inproceedings{jin2020bert,
  title={Is bert really robust? a strong baseline for natural language attack on text classification and entailment},
  author={Jin, Di and Jin, Zhijing and Zhou, Joey Tianyi and Szolovits, Peter},
  booktitle={Proceedings of the AAAI conference on artificial intelligence},
  volume={34},
  number={05},
  pages={8018--8025},
  year={2020}
}

@article{dai2019backdoor,
  title={A backdoor attack against lstm-based text classification systems},
  author={Dai, Jiazhu and Chen, Chuanshuai and Li, Yufeng},
  journal={IEEE Access},
  volume={7},
  pages={138872--138878},
  year={2019},
  publisher={IEEE}
}

@article{yuan2020transferability,
  title={On the Transferability of Adversarial Attacksagainst Neural Text Classifier},
  author={Yuan, Liping and Zheng, Xiaoqing and Zhou, Yi and Hsieh, Cho-Jui and Chang, Kai-Wei},
  journal={arXiv preprint arXiv:2011.08558},
  year={2020}
}

@article{zhu2022leveraging,
  title={Leveraging transferability and improved beam search in textual adversarial attacks},
  author={Zhu, Bin and Gu, Zhaoquan and Qian, Yaguan and Lau, Francis and Tian, Zhihong},
  journal={Neurocomputing},
  volume={500},
  pages={135--142},
  year={2022},
  publisher={Elsevier}
}

@inproceedings{wang2021adversarial,
  title={Adversarial training with fast gradient projection method against synonym substitution based text attacks},
  author={Wang, Xiaosen and Yang, Yichen and Deng, Yihe and He, Kun},
  booktitle={Proceedings of the AAAI Conference on Artificial Intelligence},
  volume={35},
  number={16},
  pages={13997--14005},
  year={2021}
}

@article{wang2019t3,
  title={T3: Tree-autoencoder constrained adversarial text generation for targeted attack},
  author={Wang, Boxin and Pei, Hengzhi and Pan, Boyuan and Chen, Qian and Wang, Shuohang and Li, Bo},
  journal={arXiv preprint arXiv:1912.10375},
  year={2019}
}

@inproceedings{le2020malcom,
  title={Malcom: Generating malicious comments to attack neural fake news detection models},
  author={Le, Thai and Wang, Suhang and Lee, Dongwon},
  booktitle={2020 IEEE International Conference on Data Mining (ICDM)},
  pages={282--291},
  year={2020},
  organization={IEEE}
}

@article{wallace2019universal,
  title={Universal adversarial triggers for attacking and analyzing NLP},
  author={Wallace, Eric and Feng, Shi and Kandpal, Nikhil and Gardner, Matt and Singh, Sameer},
  journal={arXiv preprint arXiv:1908.07125},
  year={2019}
}